<?xml version="1.0" encoding="UTF-8"?><collection xmlns="http://www.loc.gov/MARC21/slim"><record><leader>00374nam--2200133-i-4500</leader><controlfield tag="001">000009673</controlfield><controlfield tag="002">20161230</controlfield><controlfield tag="005">20161230201028</controlfield><controlfield tag="008">060222s1000------------r-----000-0-eng-d</controlfield><datafield ind1=" " ind2=" " tag="100"><subfield code="a">Brackenridge, Bruce J.And Rosenberg, Robert M</subfield></datafield><datafield ind1=" " ind2=" " tag="245"><subfield code="a">The principles of physics and chemistry</subfield></datafield><datafield ind1=" " ind2=" " tag="260"><subfield code="a">New York, Mcgraw-hill Book Company, 1970</subfield></datafield><datafield ind1=" " ind2=" " tag="490"><subfield code="a">Xxi + 668 P</subfield></datafield><datafield ind1=" " ind2=" " tag="852"><subfield code="a">53:54</subfield></datafield></record></collection>